@article{Aar05,
  author = {Aaronson, Scott},
  title = {Limitations of quantum advice and one-way communication},
  journal = {Theory of Computing},
  issue_date = {February 2005},
  volume = {1},
  pages = {1--28},
  year = {2005},
  url = {http://dx.doi.org/10.4086/toc.2005.v001a001},
  doi = {10.4086/toc.2005.v001a001}
}

@inproceedings{Aar09,
  title={Quantum copy-protection and quantum money},
  author={Aaronson, Scott},
  booktitle={Computational Complexity, 2009. CCC'09. 24th Annual IEEE Conference on},
  pages={229--242},
  year={2009},
  organization={IEEE}
}

@article{Aar12,
  author = {Aaronson, Scott and Farhi, Edward and Gosset, David and Hassidim, Avinatan and Kelner, Jonathan and Lutomirski, Andrew},
  title = {Quantum money},
  journal = {Commun. ACM},
  issue_date = {August 2012},
  volume = {55},
  number = {8},
  month = aug,
  year = {2012},
  issn = {0001-0782},
  pages = {84--92},
  numpages = {9},
  url = {http://doi.acm.org/10.1145/2240236.2240258},
  doi = {10.1145/2240236.2240258},
  acmid = {2240258},
  publisher = {ACM},
  address = {New York, NY, USA},
}

@article{Aar13,
  author = {Aaronson, Scott and Christiano, Paul},
  title = {Quantum money from hidden subspaces},
  journal = {Theory of Computing},
  issue_date = {March 2013},
  volume = {9},
  pages = {349--401},
  year = {2013},
  url = {http://dx.doi.org/10.4086/toc.2013.v009a009},
  doi = {10.4086/toc.2013.v009a009}
}

@inproceedings{BBBW83,
  title={Quantum cryptography, or unforgeable subway tokens},
  author={Bennett, Charles H and Brassard, Gilles and Breidbart, Seth and Wiesner, Stephen},
  booktitle={Advances in Cryptology--Proceedings of Crypto},
  volume={82},
  pages={267--275},
  year={1983}
}

@inproceedings{Far12,
  title={Quantum money from knots},
  author={Farhi, Edward and Gosset, David and Hassidim, Avinatan and Lutomirski, Andrew and Shor, Peter},
  booktitle={Proceedings of the 3rd Innovations in Theoretical Computer Science Conference},
  pages={276--289},
  year={2012},
  organization={ACM}
}

@article{Lut09,
  title={Breaking and making quantum money: toward a new quantum cryptographic protocol},
  author={Lutomirski, Andrew and Aaronson, Scott and Farhi, Edward and Gosset, David and Hassidim, Avinatan and Kelner, Jonathan and Shor, Peter},
  journal={arXiv preprint arXiv:0912.3825},
  year={2009}
}

@article{Lut10,
  title={An online attack against Wiesner's quantum money},
  author={Lutomirski, Andrew},
  journal={arXiv preprint arXiv:1010.0256},
  year={2010}
}

@inproceedings{Mos06,
  title={Uncloneable quantum money},
  author={Mosca, Michele and Stebila, Douglas},
  booktitle={Canadian Quantum Information Studentsâ€™ Conference (CQISC) 2006},
  year={2006}
}

@article{Mos10,
  title={Quantum coins},
  author={Mosca, Michele and Stebila, Douglas},
  journal={Error-Correcting Codes, Finite Geometries and Cryptography},
  volume={523},
  pages={35--47},
  year={2010}
}

@phdthesis{Ste09,
  title={Classical authenticated key exchange and quantum cryptography},
  author={Stebila, Douglas},
  year={2009},
  school={University of Waterloo}
}

@article{Wie83,
  title={Conjugate coding},
  author={Wiesner, Stephen},
  journal={ACM Sigact News},
  volume={15},
  number={1},
  pages={78--88},
  year={1983}
}